@techreport{samf2024,
author = {Infoholic Research LLP},
title = {Sports Analytics Market Forecasts up to 2024},
month = nov,
year = {2018},
howpublished={\url{https://www.researchandmarkets.com/research/wlpbw8}}
}

@article{betmap,
author = {Rodenberg, Ryan},
year = {2020},
month = may,
title = {United States of sports betting: An updated map of where every state stands},
journal = {Canadian Broadcasting Corporation},
howpublished={\url{https://www.cbc.ca/sports/olympics/winter/curling/curling-moneyball-analytics-1.4623584}}
}

@article{curling,
author = {Heroux, Devin},
year = {2018},
month = apr,
title = {Curling may finally be having its Moneyball moment},
journal = {ESPN},
howpublished={\url{https://www.espn.com/chalk/story/_/id/19740480/the-united-states-sports-betting-where-all-50-states-stand-legalization}}
}

@techreport{betrevenue,
author = {LegalSportsBetting.com},
title = {Legal Sports Betting Revenue Tracker},
month = mar,
journal = {2020},
howpublished={\url{https://www.legalsportsbetting.com/revenue-tracker/}}
}

@article{market,
author = {AP},
year = {2019},
month = nov,
title = {Sports betting market expected to reach \$8 billion by 2025},
journal = {MarketWatch - Associated Press},
url = {https://www.marketwatch.com/story/firms-say-sports-betting-market-to-reach-8-billion-by-2025-2019-11-04},
howpublished={\url{https://www.marketwatch.com/story/firms-say-sports-betting-market-to-reach-8-billion-by-2025-2019-11-04}}
}

@techreport{nevgame,
author = {Nevada Gaming Control Board},
title = {Monthly Revenue Report},
month = feb,
year = {2020},
howpublished={\url{https://gaming.nv.gov/modules/showdocument.aspx?documentid=16630}}
}

@article{vig,
author = {Sports Betting Dime},
year = {2020},
month = feb,
title = {Beating the Juice: Removing the Vig from Sports Betting Lines},
journal = {Sports Betting Dime},
howpublished={\url{https://www.sportsbettingdime.com/guides/strategy/removing-the-vig/}}
}

@article{gallup,
author = {Gallup},
year = {2017},
title = {Sports},
howpublished={\url{https://news.gallup.com/poll/4735/sports.aspx}}
}

@article{nbacovid,
author = {ESPN},
year = {2020},
month = {Mar},
title = {NBA suspends season until futher notice after player tests positive for the coronavirus},
howpublished={\url{https://www.espn.com/nba/story/_/id/28887560/nba-suspends-season-further-notice-player-tests-positive-coronavirus}}
}

@Manual{nbastatr,
 title = {nbastatR: R's interface to NBA data},
 author = {Bresler, Alex},
 year = {2020},
 note = {R package version 0.1.1503},
 url = {https://github.com/abresler/nbastatR},
 }
  
@article{si,
author = {Golliver, Ben},
year = {2013},
month = {Apr},
title = {NBA cancels game between Celtics and Pacers after Boston Marathon blasts},
journal = {Sports Illustrated},
howpublished={\url{ https://www.si.com/nba/2013/04/16/boston-marathon-bombing-terror-attack-celtics-pacers-game-cancelled-nba}}
}
  
@article{nbaadvstats,
author = {Martin, Brian},
year = {2018},
month = {Oct},
title = {NBA.com/Stats Switches To True Possessions: What It Means and Why It's Important},
journal = {NBA.com},
howpublished={\url{https://stats.nba.com/articles/nba-com-stats-switches-to-true-possessions-what-it-means-and-why-its-important/}}
}

@article{medium524,
author = {Culver, John},
year = {2018},
month = {Oct},
title = {Why 52.4\% is the most important percentage in sports gambling.},
journal = {Medium},
howpublished={\url{https://medium.com/the-intelligent-sports-wagerer/why-52-4-is-the-most-important-percentage-in-sports-gambling-16ade8003c04/}}
}

@article{kelly,
author = {Kuepper, Justin},
year = {2020},
month = {Mar},
title = {Using the Kelly Criterion for Asset Allocation and Money Management},
journal = {Investopedia},
howpublished={\url{https://www.investopedia.com/articles/trading/04/091504.asp/}}
}

@online{youtube,
title = {Mathematics of Gambling: the Kelly Formula},
date = {2014},
organization = {Youtube},
author = {Vaughen, Christopher},
url = {https://www.youtube.com/watch?v=k6gqlK6UZhQ},
}

@article{thorp,
author = {Thorp, Edward O.},
year = {1997},
title = {The Kelly Criterion in Blackjack Sports Betting and the Stock Market},
journal = {Finding the Edge: Mathematical Analysis of Casino Games},
howpublished={\url{http://www.eecs.harvard.edu/cs286r/courses/fall12/papers/Thorpe_KellyCriterion2007.pdf}}
}
